@report { MSDTFG12,
  author = {Martínez Fernández, Guillermo and Sánchez Gordo, Sergio and Dronda Merino, Sofía},
  title = {Interfaz de uso de contadores Hardware Multiplataforma},
  year = 2012
}

@misc{ papiC,
author = {Papi},
title= {PAPI-C Overview},
howpublished = {\url{http://icl.cs.utk.edu/projects/papi/wiki/PAPIC:Overview}},
note = {Accessed: 2015-01-30},
}

% ejemplos a continuación. Borrar.
@Book{AIbyExample,
  author =	 {Mat Buckland},
  title = 	 {Programming Game {AI} by Example},
  publisher = 	 {Wordware Publishing, Inc.},
  year = 	 2005
}

@misc{CruiseControl,
  author    = {ThoughtWorks, Inc.},
  title     = {Cruise Control},
  year      = {2001},
  webpage   = {http://cruisecontrol.sourceforge.net/index.html},
  lastaccess = {Octubre, 2009}
}
